@book{Bertot04,
	Author = {Bertot, Yves and Cast\'eran, Pierre},
	Publisher = {Springer Verlag},
	Series = {Texts in Theoretical Computer Science},
	Title = {Interactive Theorem Proving and Program Development. Coq'Art: The Calculus of Inductive Constructions},
	Year = {2004}}

@phdthesis{MarkJones94a,
	Author = {{M.~Jones}},
	School = {Distinguished Dissertations in Computer Science. Cambridge Univ.~Press},
	Title = {{Qualified Types: Theory and Practice}},
	Topics = {Type Systems},
	Year = 1994}

@book{CurryHoward06,
	Author = {S{\o}rensen, M.H. and Urzyczyn, P.},
	Isbn = {9780444520777},
	Lccn = {2006048390},
	Number = {v. 10},
	Publisher = {Elsevier},
	Series = {Studies in Logic and the Foundations of Mathematics},
	Title = {Lectures on the Curry-Howard Isomorphism},
	Year = {2006}}

@book{Haskell98,
	Author = {Peyton Jones, Simon},
	Booktitle = {Haskell 98 Language and Libraries: the Revised Report},
	Citeulike-Article-Id = {2844321},
	Institution = {Cambridge University Press},
	Keywords = {file-import-08-05-29},
	Posted-At = {2008-05-29 14:25:55},
	Priority = {2},
	Title = {{Haskell 98 Language and Libraries: the Revised Report}},
	Year = {2003}}

@article{OrbaekP97,
	Author = {Peter {\O}rb{\ae}k and Jens Palsberg},
	Bibsource = {DBLP, http://dblp.uni-trier.de},
	Ee = {http://journals.cambridge.org/action/displayAbstract?aid=44131},
	Journal = {Journal of Functional Programming},
	Number = {6},
	Pages = {557-591},
	Title = {Trust in the lambda-Calculus},
	Volume = {7},
	Year = {1997}}

@book{Pierce02,
	Address = {Cambridge, MA, USA},
	Author = {Pierce, Benjamin C.},
	Isbn = {0-262-16209-1},
	Publisher = {MIT Press},
	Title = {Types and programming languages},
	Year = {2002}}

@article{Myers03,
	Author = {Andrei Sabelfeld and Andrew C. Myers},
	Bibsource = {DBLP, http://dblp.uni-trier.de},
	Ee = {http://dx.doi.org/10.1109/JSAC.2002.806121},
	Journal = {IEEE Journal on Selected Areas in Communications},
	Number = {1},
	Pages = {5-19},
	Title = {Language-based information-flow security},
	Volume = {21},
	Year = {2003}}

@inbook{Volpano97,
	Address = {Berlin/Heidelberg},
	Author = {Volpano, Dennis and Smith, Geoffrey},
	Booktitle = {TAPSOFT '97: Theory and Practice of Software Development},
	Chapter = {48},
	Citeulike-Article-Id = {4789150},
	Citeulike-Linkout-0 = {http://dx.doi.org/10.1007/BFb0030629},
	Citeulike-Linkout-1 = {http://www.springerlink.com/content/d2h24311287759kn},
	Doi = {10.1007/BFb0030629},
	Editor = {Bidoit, Michel and Dauchet, Max},
	Isbn = {3-540-62781-2},
	Journal = {TAPSOFT '97: Theory and Practice of Software Development},
	Keywords = {1997, analysis, information-flow, language, noninterference, security, type-system},
	Pages = {607--621},
	Posted-At = {2009-06-09 18:06:15},
	Priority = {2},
	Publisher = {Springer-Verlag Berlin / Heidelberg},
	Series = {Lecture Notes in Computer Science},
	Title = {{A type-based approach to program security}},
	Volume = {1214},
	Year = {1997},
	Bdsk-Url-1 = {http://dx.doi.org/10.1007/BFb0030629}}

@inproceedings{Heintze98,
	Author = {Nevin Heintze and Jon G. Riecke},
	Bibsource = {DBLP, http://dblp.uni-trier.de},
	Booktitle = {POPL},
	Crossref = {DBLP:conf/popl/1998},
	Ee = {http://doi.acm.org/10.1145/268946.268976},
	Pages = {365-377},
	Title = {The SLam Calculus: Programming with Secrecy and Integrity},
	Year = {1998}}

@proceedings{DBLP:conf/popl/1998,
	Bibsource = {DBLP, http://dblp.uni-trier.de},
	Booktitle = {POPL},
	Editor = {David B. MacQueen and Luca Cardelli},
	Ee = {http://dl.acm.org/citation.cfm?id=268946},
	Isbn = {0-89791-979-3},
	Publisher = {ACM},
	Title = {POPL '98, Proceedings of the 25th ACM SIGPLAN-SIGACT Symposium on Principles of Programming Languages, San Diego, CA, USA, January 19-21, 1998},
	Year = {1998}}

@inproceedings{Terei12,
	Author = {David Terei and David Mazi{\`e}res and Simon Marlow and Simon {Peyton Jones}},
	Booktitle = {Haskell '12: Proceedings of the Fifth ACM SIGPLAN Symposium on Haskell},
	Location = {Copenhagen, Denmark},
	Publisher = {ACM},
	Title = {Safe {H}askell},
	Year = {2012}}

@inproceedings{Aydemir08,
	Author = {Brian E. Aydemir and Arthur Chargu{\'e}raud and Benjamin C. Pierce and Randy Pollack and Stephanie Weirich},
	Bibsource = {DBLP, http://dblp.uni-trier.de},
	Booktitle = {POPL},
	Crossref = {DBLP:conf/popl/2008},
	Ee = {http://doi.acm.org/10.1145/1328438.1328443},
	Pages = {3-15},
	Title = {Engineering formal metatheory},
	Year = {2008}}

@proceedings{DBLP:conf/popl/2008,
	Bibsource = {DBLP, http://dblp.uni-trier.de},
	Booktitle = {POPL},
	Editor = {George C. Necula and Philip Wadler},
	Ee = {http://dl.acm.org/citation.cfm?id=1328438},
	Isbn = {978-1-59593-689-9},
	Publisher = {ACM},
	Title = {Proceedings of the 35th ACM SIGPLAN-SIGACT Symposium on Principles of Programming Languages, POPL 2008, San Francisco, California, USA, January 7-12, 2008},
	Year = {2008}}

@article{Leroy09,
	Author = {Xavier Leroy},
	Bibsource = {DBLP, http://dblp.uni-trier.de},
	Ee = {http://dx.doi.org/10.1007/s10817-009-9155-4},
	Journal = {J. Autom. Reasoning},
	Number = {4},
	Pages = {363-446},
	Title = {A Formally Verified Compiler Back-end},
	Volume = {43},
	Year = {2009}}

@article{Blazy09,
	Author = {Sandrine Blazy and Xavier Leroy},
	Bibsource = {DBLP, http://dblp.uni-trier.de},
	Ee = {http://dx.doi.org/10.1007/s10817-009-9148-3},
	Journal = {J. Autom. Reasoning},
	Number = {3},
	Pages = {263-288},
	Title = {{Mechanized Semantics for the Clight Subset of the C Language}},
	Volume = {43},
	Year = {2009}}

@inproceedings{Chlipala11,
	Author = {Adam Chlipala},
	Bibsource = {DBLP, http://dblp.uni-trier.de},
	Booktitle = {PLDI},
	Crossref = {DBLP:conf/pldi/2011},
	Ee = {http://doi.acm.org/10.1145/1993498.1993526},
	Pages = {234-245},
	Title = {Mostly-automated verification of low-level programs in computational separation logic},
	Year = {2011}}

@proceedings{DBLP:conf/pldi/2011,
	Bibsource = {DBLP, http://dblp.uni-trier.de},
	Booktitle = {PLDI},
	Editor = {Mary W. Hall and David A. Padua},
	Isbn = {978-1-4503-0663-8},
	Publisher = {ACM},
	Title = {Proceedings of the 32nd ACM SIGPLAN Conference on Programming Language Design and Implementation, PLDI 2011, San Jose, CA, USA, June 4-8, 2011},
	Year = {2011}}

@inproceedings{Chlipala10,
	Author = {Adam Chlipala},
	Booktitle = {OSDI'10: Proceedings of the 9th USENIX Symposium on Operating Systems Design and Implementation},
	Location = {Vancouver, BC, Canada},
	Month = oct,
	Title = {Static Checking of Dynamically-Varying Security Policies in Database-Backed Applications},
	Year = {2010}}

@inproceedings{Chlipala10a,
	Author = {Adam Chlipala},
	Bibsource = {DBLP, http://dblp.uni-trier.de},
	Booktitle = {POPL},
	Crossref = {DBLP:conf/popl/2010},
	Ee = {http://doi.acm.org/10.1145/1706299.1706312},
	Pages = {93-106},
	Title = {A verified compiler for an impure functional language},
	Year = {2010}}

@proceedings{DBLP:conf/popl/2010,
	Bibsource = {DBLP, http://dblp.uni-trier.de},
	Booktitle = {POPL},
	Editor = {Manuel V. Hermenegildo and Jens Palsberg},
	Ee = {http://dl.acm.org/citation.cfm?id=1706299},
	Isbn = {978-1-60558-479-9},
	Publisher = {ACM},
	Title = {Proceedings of the 37th ACM SIGPLAN-SIGACT Symposium on Principles of Programming Languages, POPL 2010, Madrid, Spain, January 17-23, 2010},
	Year = {2010}}

@inproceedings{Chlipala07,
	Author = {Adam Chlipala},
	Bibsource = {DBLP, http://dblp.uni-trier.de},
	Booktitle = {Proceedings of the 2007 ACM SIGPLAN conference on Programming Language Design and Implementation},
	Crossref = {DBLP:conf/pldi/2007},
	Ee = {http://doi.acm.org/10.1145/1250734.1250742},
	Pages = {54-65},
	Title = {A certified type-preserving compiler from lambda calculus to assembly language},
	Year = {2007}}

@proceedings{DBLP:conf/pldi/2007,
	Bibsource = {DBLP, http://dblp.uni-trier.de},
	Booktitle = {PLDI},
	Editor = {Jeanne Ferrante and Kathryn S. McKinley},
	Isbn = {978-1-59593-633-2},
	Publisher = {ACM},
	Title = {Proceedings of the ACM SIGPLAN 2007 Conference on Programming Language Design and Implementation, San Diego, California, USA, June 10-13, 2007},
	Year = {2007}}

@book{Barendrecht84,
	Author = {Barendrecht, H. P.},
	Citeulike-Article-Id = {4257775},
	Citeulike-Linkout-0 = {http://www.elsevier.com/wps/find/bookdescription.cws\_home/501727/description\#description},
	Keywords = {binding, functional-programming, lambda-calculus, literature-study, semantics},
	Location = {North-Holland, Amsterdam},
	Posted-At = {2009-04-02 15:19:14},
	Priority = {2},
	Publisher = {Elsevier},
	Series = {Studies in Logic and the Foundations of Mathematics},
	Title = {The Lambda Calculus: its Syntax and Semantics},
	Volume = {103},
	Year = {1984}}

@book{Hindley08,
	Address = {New York, NY, USA},
	Author = {Hindley, J. Roger and Seldin, Jonathan P.},
	Edition = {2},
	Isbn = {0521898854, 9780521898850},
	Publisher = {Cambridge University Press},
	Title = {Lambda-Calculus and Combinators: An Introduction},
	Year = {2008}}

@article{locally,
	Author = {Arthur Chargu{\'e}raud},
	Bibsource = {DBLP, http://dblp.uni-trier.de},
	Ee = {http://dx.doi.org/10.1007/s10817-011-9225-2},
	Journal = {J. Autom. Reasoning},
	Number = {3},
	Pages = {363-408},
	Title = {The Locally Nameless Representation},
	Volume = {49},
	Year = {2012}}

@article{Koprowski09,
	Author = {Adam Koprowski},
	Journal = {Applicable Algebra in Engineering, Communication and Computing (AAECC)},
	Number = {5-6},
	Pages = {379--425},
	Title = {{Coq} formalization of the higher-order recursive path ordering},
	Volume = {20},
	Year = {2009}}

@inproceedings{WisneskyMM09,
	Author = {Ryan Wisnesky and Gregory Malecha and Greg Morrisett},
	Booktitle = {5th International Workshop on Automated Specification and Verification of Web Systems},
	Location = {Castle of Hagenberg, Austria},
	Month = {July},
	Pdf = {http://ynot.cs.harvard.edu/papers/wwv09.pdf},
	Title = {Certified Web Services in {Ynot}},
	Year = {2009}}

@article{bbls05,
	Author = {U. Berger and S. Berghofer and P. Letouzey and H. Schwichtenberg},
	Journal = {Studia Logica},
	Note = {Special issue},
	Title = {Program extraction from normalization proofs},
	Volume = 82,
	Year = {2005}}

@book{Lindholm99,
	Address = {Boston, MA, USA},
	Author = {Lindholm, Tim and Yellin, Frank},
	Edition = {2nd},
	Isbn = {0201432943},
	Publisher = {Addison-Wesley Longman Publishing Co., Inc.},
	Title = {Java Virtual Machine Specification},
	Year = {1999}}

@article{Wallach00,
	Acmid = {363520},
	Address = {New York, NY, USA},
	Author = {Wallach, Dan S. and Appel, Andrew W. and Felten, Edward W.},
	Doi = {10.1145/363516.363520},
	Issn = {1049-331X},
	Issue_Date = {Oct. 2000},
	Journal = {ACM Trans. Softw. Eng. Methodol.},
	Keywords = {Internet, Java, WWW, access control, applets, security-passing style, stack inspection},
	Month = oct,
	Number = {4},
	Numpages = {38},
	Pages = {341--378},
	Publisher = {ACM},
	Title = {SAFKASI: a security mechanism for language-based systems},
	Volume = {9},
	Year = {2000},
	Bdsk-Url-1 = {http://dx.doi.org/10.1145/363516.363520}}

@article{XLeroy09,
	Author = {Xavier Leroy},
	Bibsource = {DBLP, http://dblp.uni-trier.de},
	Ee = {http://doi.acm.org/10.1145/1538788.1538814},
	Journal = {Commun. ACM},
	Number = {7},
	Pages = {107-115},
	Title = {Formal verification of a realistic compiler},
	Volume = {52},
	Year = {2009}}

@article{Volpano96,
	Acmid = {353648},
	Address = {Amsterdam, The Netherlands, The Netherlands},
	Author = {Volpano, Dennis and Irvine, Cynthia and Smith, Geoffrey},
	Issn = {0926-227X},
	Issue_Date = {Jan. 1996},
	Journal = {J. Comput. Secur.},
	Keywords = {program security, soundness proofs, type systems},
	Month = jan,
	Number = {2-3},
	Numpages = {21},
	Pages = {167--187},
	Publisher = {IOS Press},
	Title = {A sound type system for secure flow analysis},
	Volume = {4},
	Year = {1996}}

@article{Denning76,
	Author = {Dorothy E. Denning},
	Bibsource = {DBLP, http://dblp.uni-trier.de},
	Ee = {http://doi.acm.org/10.1145/360051.360056},
	Journal = {Commun. ACM},
	Number = {5},
	Pages = {236-243},
	Title = {A Lattice Model of Secure Information Flow},
	Volume = {19},
	Year = {1976}}

@inproceedings{Myers99,
	Author = {Andrew C. Myers},
	Bibsource = {DBLP, http://dblp.uni-trier.de},
	Booktitle = {POPL},
	Crossref = {DBLP:conf/popl/1999},
	Ee = {http://doi.acm.org/10.1145/292540.292561},
	Pages = {228-241},
	Title = {JFlow: Practical Mostly-Static Information Flow Control},
	Year = {1999}}

@proceedings{DBLP:conf/popl/1999,
	Bibsource = {DBLP, http://dblp.uni-trier.de},
	Booktitle = {POPL},
	Editor = {Andrew W. Appel and Alex Aiken},
	Ee = {http://dl.acm.org/citation.cfm?id=292540},
	Isbn = {1-58113-095-3},
	Publisher = {ACM},
	Title = {POPL '99, Proceedings of the 26th ACM SIGPLAN-SIGACT Symposium on Principles of Programming Languages, San Antonio, TX, USA, January 20-22, 1999},
	Year = {1999}}

@inproceedings{Civitas08,
	Author = {Michael R. Clarkson and Stephen Chong and Andrew C. Myers},
	Bibsource = {DBLP, http://dblp.uni-trier.de},
	Booktitle = {IEEE Symposium on Security and Privacy},
	Crossref = {DBLP:conf/sp/2008},
	Ee = {http://doi.ieeecomputersociety.org/10.1109/SP.2008.32},
	Pages = {354-368},
	Title = {Civitas: Toward a Secure Voting System},
	Year = {2008}}

@proceedings{DBLP:conf/sp/2008,
	Bibsource = {DBLP, http://dblp.uni-trier.de},
	Booktitle = {IEEE Symposium on Security and Privacy},
	Publisher = {IEEE Computer Society},
	Title = {2008 IEEE Symposium on Security and Privacy (S{\&}P 2008), 18-21 May 2008, Oakland, California, USA},
	Year = {2008}}

@misc{ghc,
	Author = {{S.~P.~Jones and others}},
	Howpublished = {{\tt {\small http://www.haskell.org/ghc/}}},
	Title = {{GHC --- The Glasgow Haskell Compiler}},
	Year = {1998}}
@misc{coq,
	Author = {{{C}oq {D}evelopement {T}eam}},
	Howpublished = {{\tt {\small http://coq.inria.fr/distrib/current/refman/ /}}},
	Title = {{Coq Proof Assistant --- Reference Manual}},
	Year = {2014}}


@misc{trust-rep,
	Author = {R. Ribeiro and others},
	Howpublished = {https://github.com/rodrigogribeiro/trust-calculus},
	Title = {A formalization of a lambda-calculus with trust types --- On-line repository},
	Year = {2013}}
@misc{unify-rep,
	Author = {R. Ribeiro and others},
	Howpublished = {https://github.com/rodrigogribeiro/unification},
	Title = {A Mechanized Textbook Proof of a Type Unification Algorithm --- On-line repository},
	Year = {2015}}

@misc{jif,
	Author = {{Andrew Myers and others}},
	Howpublished = {{\tt {\small http://www.cs.cornell.edu/jif/}}},
	Title = {{Jif Compiler}},
	Year = {1998}}

@article{Barthe07,
	Author = {Gilles Barthe and Tamara Rezk and Amitabh Basu},
	Bibsource = {DBLP, http://dblp.uni-trier.de},
	Ee = {http://dx.doi.org/10.1016/j.cl.2005.05.002},
	Journal = {Computer Languages, Systems {\&} Structures},
	Number = {2},
	Pages = {35-59},
	Title = {Security types preserving compilation},
	Volume = {33},
	Year = {2007}}

@inproceedings{ml10sectyp,
	Author = {Jamie Morgenstern and Daniel R. Licata},
	Bibsource = {DBLP, http://dblp.uni-trier.de},
	Booktitle = {ICFP},
	Crossref = {DBLP:conf/icfp/2010},
	Ee = {http://doi.acm.org/10.1145/1863543.1863569},
	Pages = {169-180},
	Title = {Security-typed programming within dependently typed programming},
	Year = {2010}}

@proceedings{DBLP:conf/icfp/2010,
	Bibsource = {DBLP, http://dblp.uni-trier.de},
	Booktitle = {ICFP},
	Editor = {Paul Hudak and Stephanie Weirich},
	Isbn = {978-1-60558-794-3},
	Publisher = {ACM},
	Title = {Proceeding of the 15th ACM SIGPLAN international conference on Functional programming, ICFP 2010, Baltimore, Maryland, USA, September 27-29, 2010},
	Year = {2010}}

@inproceedings{Bove09,
	Acmid = {1616085},
	Address = {Berlin, Heidelberg},
	Author = {Bove, Ana and Dybjer, Peter and Norell, Ulf},
	Booktitle = {Proceedings of the 22nd International Conference on Theorem Proving in Higher Order Logics},
	Doi = {10.1007/978-3-642-03359-9_6},
	Isbn = {978-3-642-03358-2},
	Location = {Munich, Germany},
	Numpages = {6},
	Pages = {73--78},
	Publisher = {Springer-Verlag},
	Series = {TPHOLs '09},
	Title = {A Brief Overview of Agda --- A Functional Language with Dependent Types},
	Year = {2009},
	Bdsk-Url-1 = {http://dx.doi.org/10.1007/978-3-642-03359-9_6}}

@inproceedings{Barthe02,
	Author = {Gilles Barthe and Guillaume Dufay and Line Jakubiec and Sim{\~a}o Melo de Sousa},
	Bibsource = {DBLP, http://dblp.uni-trier.de},
	Booktitle = {VMCAI},
	Crossref = {DBLP:conf/vmcai/2002},
	Ee = {http://dx.doi.org/10.1007/3-540-47813-2_3},
	Pages = {32-45},
	Title = {A Formal Correspondence between Offensive and Defensive JavaCard Virtual Machines},
	Year = {2002}}

@proceedings{DBLP:conf/vmcai/2002,
	Bibsource = {DBLP, http://dblp.uni-trier.de},
	Booktitle = {VMCAI},
	Editor = {Agostino Cortesi},
	Isbn = {3-540-43631-6},
	Publisher = {Springer},
	Series = {Lecture Notes in Computer Science},
	Title = {Verification, Model Checking, and Abstract Interpretation, Third International Workshop, VMCAI 2002, Venice, Italy, January 21-22, 2002, Revised Papers},
	Volume = {2294},
	Year = {2002}}

@inproceedings{g+01:esop,
	Author = {G. Barthe and G. Dufay and L. Jakubiec and B. Serpette and S. Melo de Sousa},
	Crossref = {esop01},
	Pages = {302--319},
	Title = {{A Formal Executable Semantics of the JavaCard Platform}},
	Year = {2001}}

@inproceedings{Rimsa11,
	Author = {Andrei Rimsa and Marcelo d'Amorim and Fernando Magno Quint{\~a}o Pereira},
	Bibsource = {DBLP, http://dblp.uni-trier.de},
	Booktitle = {CC},
	Crossref = {DBLP:conf/cc/2011},
	Ee = {http://dx.doi.org/10.1007/978-3-642-19861-8_8},
	Pages = {124-143},
	Title = {Tainted Flow Analysis on e-SSA-Form Programs},
	Year = {2011}}

@proceedings{DBLP:conf/cc/2011,
	Bibsource = {DBLP, http://dblp.uni-trier.de},
	Booktitle = {CC},
	Editor = {Jens Knoop},
	Ee = {http://dx.doi.org/10.1007/978-3-642-19861-8},
	Isbn = {978-3-642-19860-1},
	Publisher = {Springer},
	Series = {Lecture Notes in Computer Science},
	Title = {Compiler Construction - 20th International Conference, CC 2011, Held as Part of the Joint European Conferences on Theory and Practice of Software, ETAPS 2011, Saarbr{\"u}cken, Germany, March 26-April 3, 2011. Proceedings},
	Volume = {6601},
	Year = {2011}}

@inproceedings{Kothari10,
	Author = {Sunil Kothari and James Caldwell},
	Booktitle = {Proceedings 24th International Workshop on Unification},
	Crossref = {DBLP:journals/corr/abs-1012-4554},
	Ee = {http://dx.doi.org/10.4204/EPTCS.42.3},
	Pages = {24-38},
	Title = {A Machine Checked Model of Idempotent MGU Axioms For Lists of Equational Constraints},
	Year = {2010}}

@proceedings{DBLP:journals/corr/abs-1012-4554,
	Booktitle = {Proceedings 24th International Workshop on Unification},
	Editor = {Maribel Fernandez},
	Ee = {http://dx.doi.org/10.4204/EPTCS.42},
	Series = {EPTCS},
	Title = {Proceedings 24th International Workshop on Unification},
	Volume = {42},
	Year = {2010}}

@article{McBride03,
	Author = {Conor McBride},
	Bibsource = {DBLP, http://dblp.uni-trier.de},
	Ee = {http://dx.doi.org/10.1017/S0956796803004957},
	Journal = {J. Funct. Program.},
	Number = {6},
	Pages = {1061-1075},
	Title = {First-order unification by structural recursion},
	Volume = {13},
	Year = {2003}}

@misc{McBride03Rep,
	Author = {Conor McBride},
	Title = {First-order unification by structural recursion --- Correctness proof},
	url ={http://strictlypositive.org/foubsr-website/proof.ps}}



@misc{OCaml,
	Abstract = {{Objective Caml is the most popular variant of the Caml language. From a language standpoint, it extends the core Caml language with a fully-fledged object-oriented layer, as well as a powerful module system, all connected by a sound, polymorphic type system featuring type inference.}},
	Author = {INRIA OCaml Team.},
	Citeulike-Article-Id = {1723784},
	Citeulike-Linkout-0 = {http://caml.inria.fr/},
	Howpublished = {http://caml.inria.fr/},
	Keywords = {example-gpl},
	Posted-At = {2007-10-03 12:43:12},
	Priority = {1},
	Title = {{Objective Caml (OCaml) programming language website.}}}

@book{Scheme,
	Annote = {Introduction and reference manual for R6RS Scheme with
numerous short and extended examples and exercises.},
	Author = {R. Kent Dybvig},
	Edition = {Fourth},
	Publisher = {{MIT} Press},
	Texturl = {http://www.scheme.com/tspl4/},
	Title = {The {Scheme} Programming Language},
	Year = 2009}

@article{Kammller08,
	Author = {Florian Kamm{\"u}ller},
	Bibsource = {DBLP, http://dblp.uni-trier.de},
	Ee = {http://dx.doi.org/10.1007/s00165-007-0055-2},
	Journal = {Formal Asp. Comput.},
	Number = {3},
	Pages = {259-275},
	Title = {Formalizing non-interference for a simple bytecode language in {Coq}},
	Volume = {20},
	Year = {2008}}

@article{deBruijn72,
	Author = {N.G de Bruijn},
	Doi = {10.1016/1385-7258(72)90034-0},
	Issn = {1385-7258},
	Journal = {Indagationes Mathematicae (Proceedings)},
	Number = {5},
	Pages = {381 - 392},
	Title = {Lambda calculus notation with nameless dummies, a tool for automatic formula manipulation, with application to the Church-Rosser theorem},
	Volume = {75},
	Year = {1972},
	Bdsk-Url-1 = {http://dx.doi.org/10.1016/1385-7258(72)90034-0}}

@article{Crary06,
	Author = {Karl Crary and Robert Harper},
	Bibsource = {DBLP, http://dblp.uni-trier.de},
	Ee = {http://doi.acm.org/10.1145/1165555.1165572},
	Journal = {SIGACT News},
	Number = {3},
	Pages = {93-96},
	Title = {Higher-order abstract syntax: setting the record straight},
	Volume = {37},
	Year = {2006}}

@book{Poplmarkjar,
	Editor = {Benjamin C. Pierce, Stephanie Weirich},
	Issn = {0168-7433},
	Issue = {The POPLMark Challenge},
	Number = {3},
	Title = {Journal of Automated Reasoning},
	Volume = {49},
	Year = {2012}}

@inproceedings{simonet-aplas-03,
	Author = {Vincent Simonet},
	Bibsource = {DBLP, http://dblp.uni-trier.de},
	Booktitle = {APLAS},
	Crossref = {DBLP:conf/aplas/2003},
	Ee = {http://dx.doi.org/10.1007/978-3-540-40018-9_19},
	Pages = {283-302},
	Title = {Type Inference with Structural Subtyping: A Faithful Formalization of an Efficient Constraint Solver},
	Year = {2003}}

@proceedings{DBLP:conf/aplas/2003,
	Bibsource = {DBLP, http://dblp.uni-trier.de},
	Booktitle = {APLAS},
	Editor = {Atsushi Ohori},
	Isbn = {3-540-20536-5},
	Publisher = {Springer},
	Series = {Lecture Notes in Computer Science},
	Title = {Programming Languages and Systems, First Asian Symposium, APLAS 2003, Beijing, China, November 27-29, 2003, Proceedings},
	Volume = {2895},
	Year = {2003}}

@article{pottier-simonet-toplas,
	Abstract = {This paper presents a type-based information flow
    analysis for a call-by-value $\lambda$-calculus equip\-ped with
    references, exceptions and $let$-polymorphism, which we refer to
    as ML. The type system is constraint-based and has decidable type
    inference. Its noninterference proof is reasonably light-weight,
    thanks to the use of a number of orthogonal techniques. First, a
    syntactic segregation between \emph{values} and \emph{expressions}
    allows a lighter formulation of the type system. Second,
    noninterference is reduced to \emph{subject reduction} for a
    nonstandard language extension. Lastly, a \emph{semi-syntactic}
    approach to type soundness allows dealing with constraint-based
    polymorphism separately.},
	Acm = {http://doi.acm.org/10.1145/596980.596983},
	Author = {Fran{\c c}ois Pottier and Vincent Simonet},
	Journal = {ACM Transactions on Programming Languages and Systems},
	Month = jan,
	Number = {1},
	Pages = {117--158},
	Pdf = {http://www.normalesup.org/~simonet/publis/fpottier-simonet-toplas.pdf},
	Ps = {http://www.normalesup.org/~simonet/publis/fpottier-simonet-toplas.ps.gz},
	Title = {Information Flow Inference for {ML}},
	Volume = {25},
	Year = 2003}

@inproceedings{pottier-simonet-02,
	Abstract = {This paper presents a type-based information flow
    analysis for a call-by-value lambda-calculus equipped with
    references, exceptions and let-polymorphism, which we refer to as
    Core ML. The type system is constraint-based and has decidable
    type inference. Its non-interference proof is reasonably
    light-weight, thanks to the use of a number of orthogonal
    techniques. First, a syntactic segregation between values and
    expressions allows a lighter formulation of the type
    system. Second, non-interference is reduced to subject reduction
    for a non-standard language extension. Lastly, a semi-syntactic
    approach to type soundness allows dealing with constraint-based
    polymorphism separately.},
	Acm = {http://doi.acm.org/10.1145/503272.503302},
	Address = {Portland, Oregon},
	Author = {Fran{\c c}ois Pottier and Vincent Simonet},
	Booktitle = {Proceedings of the 29th {ACM} Symposium on Principles of Programming Languages (POPL'02)},
	Long-Pdf = {http://www.normalesup.org/~simonet/publis/fpottier-simonet-popl02-long.pdf},
	Long-Ps = {http://www.normalesup.org/~simonet/publis/fpottier-simonet-popl02-long.ps.gz},
	Month = jan,
	Pages = {319--330},
	Pdf = {http://www.normalesup.org/~simonet/publis/fpottier-simonet-popl02.pdf},
	Ps = {http://www.normalesup.org/~simonet/publis/fpottier-simonet-popl02.ps.gz},
	Title = {Information Flow Inference for {ML}},
	Year = {2002}}

@article{Leroy-Blazy-memory08,
	Author = {Xavier Leroy and Sandrine Blazy},
	Bibsource = {DBLP, http://dblp.uni-trier.de},
	Ee = {http://dx.doi.org/10.1007/s10817-008-9099-0},
	Journal = {J. Autom. Reasoning},
	Number = {1},
	Pages = {1-31},
	Title = {Formal Verification of a {C}-like Memory Model and Its Uses for Verifying Program Transformations},
	Volume = {41},
	Year = {2008}}

@article{Klein09,
	Author = {Gerwin Klein and June Andronick and Kevin Elphinstone and Gernot Heiser and David Cock and Philip Derrin and Dhammika Elkaduwe and Kai Engelhardt and Rafal Kolanski and Michael Norrish and Thomas Sewell and Harvey Tuch and Simon Winwood},
	Bibsource = {DBLP, http://dblp.uni-trier.de},
	Ee = {http://doi.acm.org/10.1145/1743546.1743574},
	Journal = {Commun. ACM},
	Number = {6},
	Pages = {107-115},
	Title = {{seL4: formal verification of an operating-system kernel}},
	Volume = {53},
	Year = {2010}}

@book{Nipkow02,
	Author = {Tobias Nipkow and Lawrence C. Paulson and Markus Wenzel},
	Publisher = {Springer},
	Series = {LNCS},
	Title = {Isabelle/HOL --- A Proof Assistant for Higher-Order Logic},
	Volume = 2283,
	Year = 2002}

@inproceedings{Gonthier13,
	Author = {Georges Gonthier},
	Bibsource = {DBLP, http://dblp.uni-trier.de},
	Booktitle = {POPL},
	Crossref = {DBLP:conf/popl/2013},
	Ee = {http://doi.acm.org/10.1145/2429069.2429071},
	Pages = {1-2},
	Title = {Engineering mathematics: the odd order theorem proof},
	Year = {2013}}

@proceedings{DBLP:conf/popl/2013,
	Bibsource = {DBLP, http://dblp.uni-trier.de},
	Booktitle = {POPL},
	Editor = {Roberto Giacobazzi and Radhia Cousot},
	Ee = {http://dl.acm.org/citation.cfm?id=2429069},
	Isbn = {978-1-4503-1832-7},
	Publisher = {ACM},
	Title = {The 40th Annual ACM SIGPLAN-SIGACT Symposium on Principles of Programming Languages, POPL '13, Rome, Italy - January 23 - 25, 2013},
	Year = {2013}}

@inproceedings{Gonthier07,
	Author = {Georges Gonthier},
	Bibsource = {DBLP, http://dblp.uni-trier.de},
	Booktitle = {ASCM},
	Crossref = {DBLP:conf/ascm/2007},
	Ee = {http://dx.doi.org/10.1007/978-3-540-87827-8_28},
	Pages = {333},
	Title = {The Four Colour Theorem: Engineering of a Formal Proof},
	Year = {2007}}

@proceedings{DBLP:conf/ascm/2007,
	Bibsource = {DBLP, http://dblp.uni-trier.de},
	Booktitle = {ASCM},
	Editor = {Deepak Kapur},
	Isbn = {978-3-540-87826-1},
	Publisher = {Springer},
	Series = {Lecture Notes in Computer Science},
	Title = {Computer Mathematics, 8th Asian Symposium, ASCM 2007, Singapore, December 15-17, 2007. Revised and Invited Papers},
	Volume = {5081},
	Year = {2008}}

@inproceedings{Norell09,
	Author = {Ulf Norell},
	Bibsource = {DBLP, http://dblp.uni-trier.de},
	Booktitle = {TLDI},
	Crossref = {DBLP:conf/tldi/2009},
	Ee = {http://doi.acm.org/10.1145/1481861.1481862},
	Pages = {1-2},
	Title = {Dependently typed programming in {A}gda},
	Year = {2009}}

@proceedings{DBLP:conf/tldi/2009,
	Bibsource = {DBLP, http://dblp.uni-trier.de},
	Booktitle = {TLDI},
	Editor = {Andrew Kennedy and Amal Ahmed},
	Ee = {http://dl.acm.org/citation.cfm?id=1481861},
	Isbn = {978-1-60558-420-1},
	Publisher = {ACM},
	Title = {Proceedings of TLDI'09: 2009 ACM SIGPLAN International Workshop on Types in Languages Design and Implementation, Savannah, GA, USA, January 24, 2009},
	Year = {2009}}

@book{martin-lof84,
	Address = {Naples},
	Author = {Martin-L\"{o}f, Per},
	Citeulike-Article-Id = {1177380},
	Keywords = {type-theory},
	Posted-At = {2007-03-20 13:21:29},
	Priority = {2},
	Publisher = {Bibliopolis},
	Title = {{Intuitionistic Type Theory}},
	Year = {1984}}

@inproceedings{Licata10,
	Author = {Jamie Morgenstern and Daniel R. Licata},
	Booktitle = {Proceedings of the 15th ACM SIGPLAN International Conference on Functional Programming},
	Title = {Security-Typed Programming within Dependently-Typed Programming},
	Year = {2010}}

@article{Altenkirch09,
	Author = {Thorsten Altenkirch and James Chapman},
	Bibsource = {DBLP, http://dblp.uni-trier.de},
	Ee = {http://dx.doi.org/10.1017/S0956796809007278},
	Journal = {J. Funct. Program.},
	Number = {3-4},
	Pages = {311-333},
	Title = {Big-step normalisation},
	Volume = {19},
	Year = {2009}}

@misc{afc,
	Author = {{Isabelle Team}},
	Howpublished = {{\tt {\small http://afp.sourceforge.net/}}},
	Title = {{The Archieve of Formal Proofs}},
	Year = {2013}}

@article{Snelting08,
	Author = {Gregor Snelting and Daniel Wasserrab},
	Issn = {2150-914x},
	Journal = {{I}sabelle Archive of Formal Proofs},
	Month = Jun,
	Note = {{http://afp.sourceforge.net/entries/VolpanoSmith.shtml}},
	Title = {A Correctness Proof for the {Volpano-Smith} Security Typing System},
	Year = 2008}

@article{Pitts03,
	Author = {Andrew M. Pitts},
	Bibsource = {DBLP, http://dblp.uni-trier.de},
	Ee = {http://dx.doi.org/10.1016/S0890-5401(03)00138-X},
	Journal = {Inf. Comput.},
	Number = {2},
	Pages = {165-193},
	Title = {Nominal logic, a first order theory of names and binding},
	Volume = {186},
	Year = {2003}}

@misc{lnr,
	Author = {{Chargu\'{e}raud, Arthur}},
	Howpublished = {{\tt {\small http://www.chargueraud.org/softs/ln/}}},
	Title = {{Locally Nameless Coq Library}},
	Year = {2013}}

@article{Robinson65,
	Author = {John Alan Robinson},
	Bibsource = {DBLP, http://dblp.uni-trier.de},
	Ee = {http://doi.acm.org/10.1145/321250.321253},
	Journal = {J. ACM},
	Number = {1},
	Pages = {23-41},
	Title = {A Machine-Oriented Logic Based on the Resolution Principle},
	Volume = {12},
	Year = {1965}}

@book{Milner90,
	Author = {Robin Milner and Mads Tofte and Robert Harper},
	Bibsource = {DBLP, http://dblp.uni-trier.de},
	Isbn = {978-0-262-63132-7},
	Pages = {I-XI, 1-101},
	Publisher = {MIT Press},
	Title = {Definition of standard ML},
	Year = {1990}}
@article{Paulson93,
  author    = {Lawrence C. Paulson},
  title     = {Verifying the Unification Algorithm in LCF},
  journal   = {CoRR},
  volume    = {cs.LO/9301101},
  year      = {1993},
  ee        = {http://arxiv.org/abs/cs.LO/9301101},
  bibsource = {DBLP, http://dblp.uni-trier.de}
}
@Misc{Bove99,
  author = {Ana Bove},
  title =  {Programming in {M}artin-{L}\"of Type Theory: {U}nification - {A} non-trivial Example},
  year =   {1999},
  month =  {November},
  note =   {Licentiate Thesis of the Department of Computer Science, Chalmers University of Technology}
}
@article{Milner78,
  author    = {Robin Milner},
  title     = {A Theory of Type Polymorphism in Programming},
  journal   = {J. Comput. Syst. Sci.},
  volume    = {17},
  number    = {3},
  year      = {1978},
  pages     = {348-375},
  ee        = {http://dx.doi.org/10.1016/0022-0000(78)90014-4},
  bibsource = {DBLP, http://dblp.uni-trier.de}
}
@incollection{Pottier05,
  author = {Fran{\c{c}}ois Pottier and Didier R{\'{e}}my},
  title = {The Essence of {ML} Type Inference},
  booktitle = {Advanced Topics in Types and Programming Languages},
  pages = {389--489},
  publisher = {MIT Press},
  year = {2005},
  editor = {Benjamin C. Pierce},
  chapter = {10},
  url = {http://cristal.inria.fr/attapl/},
  category = {A}
}
@book{Mitchell96,
 author = {Mitchell, John C.},
 title = {Foundations of Programming Languages},
 year = {1996},
 isbn = {0-262-13321-0},
 publisher = {MIT Press},
 address = {Cambridge, MA, USA},
}
@article{McBride04,
  author    = {Conor McBride and
               James McKinna},
  title     = {The view from the left},
  journal   = {J. Funct. Program.},
  volume    = {14},
  number    = {1},
  year      = {2004},
  pages     = {69-111},
  ee        = {http://dx.doi.org/10.1017/S0956796803004829},
  bibsource = {DBLP, http://dblp.uni-trier.de}
}
@article{Nordstrom88,
  author    = {Bengt Nordstr{\"{o}}m},
  title     = {Terminating General Recursion},
  journal   = {{BIT Numerical Mathematics}},
  volume    = {28},
  number    = {3},
  pages     = {605--619},
  year      = {1988},
  timestamp = {Thu, 03 Jan 2002 12:12:40 +0100},
  biburl    = {http://dblp.uni-trier.de/rec/bib/journals/bit/Nordstrom88},
  bibsource = {dblp computer science bibliography, http://dblp.org}
}
@article{Naraschewski99,
 author = {Naraschewski, Wolfgang and Nipkow, Tobias},
 title = {Type Inference Verified: Algorithm W in Isabelle/HOL},
 journal = {J. Autom. Reason.},
 issue_date = {November 1999},
 volume = {23},
 number = {3},
 month = nov,
 year = {1999},
 issn = {0168-7433},
 pages = {299--318},
 numpages = {20},
 url = {http://dx.doi.org/10.1023/A:1006277616879},
 doi = {10.1023/A:1006277616879},
 acmid = {594270},
 publisher = {Springer-Verlag New York, Inc.},
 address = {Secaucus, NJ, USA},
 keywords = {Isabelle/HOL, Mini-ML, machine-checked proof, type inference},
}
@article{AvelarGMA14,
  author    = {Andr{\'{e}}ia Borges Avelar and
               Andr{\'{e}} Luiz Galdino and
               Fl{\'{a}}vio Leonardo Cavalcanti de Moura and
               Mauricio Ayala{-}Rinc{\'{o}}n},
  title     = {First-order unification in the {PVS} proof assistant},
  journal   = {Logic Journal of the {IGPL}},
  volume    = {22},
  number    = {5},
  pages     = {758--789},
  year      = {2014},
  url       = {http://dx.doi.org/10.1093/jigpal/jzu012},
  doi       = {10.1093/jigpal/jzu012},
  timestamp = {Thu, 16 Oct 2014 11:04:22 +0200},
  biburl    = {http://dblp.uni-trier.de/rec/bib/journals/igpl/AvelarGMA14},
  bibsource = {dblp computer science bibliography, http://dblp.org}
}
@inproceedings{AvelarMGA10,
  author    = {Andr{\'{e}}ia B. Avelar and
               Fl{\'{a}}vio L. C. de Moura and
               Andr{\'{e}} Luiz Galdino and
               Mauricio Ayala{-}Rinc{\'{o}}n},
  title     = {Verification of the Completeness of Unification Algorithms {\`{a}}
               la Robinson},
  booktitle = {Logic, Language, Information and Computation, 17th International Workshop,
               WoLLIC 2010, Brasilia, Brazil, July 6-9, 2010. Proceedings},
  pages     = {110--124},
  year      = {2010},
  crossref  = {DBLP:conf/wollic/2010},
  url       = {http://dx.doi.org/10.1007/978-3-642-13824-9_10},
  doi       = {10.1007/978-3-642-13824-9_10},
  timestamp = {Wed, 07 Jul 2010 10:43:09 +0200},
  biburl    = {http://dblp.uni-trier.de/rec/bib/conf/wollic/AvelarMGA10},
  bibsource = {dblp computer science bibliography, http://dblp.org}
}

@proceedings{DBLP:conf/wollic/2010,
  editor    = {Anuj Dawar and
               Ruy J. G. B. de Queiroz},
  title     = {Logic, Language, Information and Computation, 17th International Workshop,
               WoLLIC 2010, Brasilia, Brazil, July 6-9, 2010. Proceedings},
  series    = {Lecture Notes in Computer Science},
  volume    = {6188},
  publisher = {Springer},
  year      = {2010},
  url       = {http://dx.doi.org/10.1007/978-3-642-13824-9},
  doi       = {10.1007/978-3-642-13824-9},
  isbn      = {978-3-642-13823-2},
  timestamp = {Wed, 07 Jul 2010 10:41:11 +0200},
  biburl    = {http://dblp.uni-trier.de/rec/bib/conf/wollic/2010},
  bibsource = {dblp computer science bibliography, http://dblp.org}
}
@book{Chlipala13,
  author    = {Adam Chlipala},
  title     = {Certified Programming with Dependent Types - {A} Pragmatic Introduction
               to the Coq Proof Assistant},
  publisher = {{MIT} Press},
  year      = {2013},
  url       = {http://mitpress.mit.edu/books/certified-programming-dependent-types},
  isbn      = {978-0-262-02665-9},
  timestamp = {Mon, 11 May 2015 16:37:23 +0200},
  biburl    = {http://dblp.uni-trier.de/rec/bib/books/daglib/0035083},
  bibsource = {dblp computer science bibliography, http://dblp.org}
}
@article{Swierstra12,
 author = {Swierstra, Wouter},
 title = {Xmonad in Coq (Experience Report): Programming a Window Manager in a Proof Assistant},
 journal = {SIGPLAN Not.},
 issue_date = {December 2012},
 volume = {47},
 number = {12},
 month = sep,
 year = {2012},
 issn = {0362-1340},
 pages = {131--136},
 numpages = {6},
 url = {http://doi.acm.org/10.1145/2430532.2364523},
 doi = {10.1145/2430532.2364523},
 acmid = {2364523},
 publisher = {ACM},
 address = {New York, NY, USA},
 keywords = {coq, dependent types, formal verification, functional programming, haskell, interactive proof assistants, program extraction, xmonad},
}
@book{Pierce:SF,
  author = {Benjamin C. Pierce and Chris Casinghino and Marco Gaboardi and
                  Michael Greenberg and C\v{a}t\v{a}lin Hri\c{t}cu 
                  and Vilhelm Sjoberg and Brent Yorgey},
  title = {Software Foundations},  
  year = {2015},
  publisher = {Electronic textbook},
  plclub = {Yes},
  bcp = {Yes},
  keys = {poplmark,books}
}
@article{GaldinoA10,
  added-at = {2010-11-25T00:00:00.000+0100},
  author = {Galdino, André Luiz and Ayala-Rincón, Mauricio},
  biburl = {http://www.bibsonomy.org/bibtex/2f20e1e22906ca704b3a16fcd20d3ec76/dblp},
  ee = {http://dx.doi.org/10.1007/s10817-010-9165-2},
  interhash = {0ffbce50f3fa32496006a8d2bacc5bd5},
  intrahash = {f20e1e22906ca704b3a16fcd20d3ec76},
  journal = {J. Autom. Reasoning},
  keywords = {dblp},
  number = 3,
  pages = {301-325},
  timestamp = {2010-11-26T11:31:28.000+0100},
  title = {A Formalization of the Knuth-Bendix(-Huet) Critical Pair Theorem.},
  url = {http://dblp.uni-trier.de/db/journals/jar/jar45.html#GaldinoA10},
  volume = 45,
  year = 2010
}